<record><leader>00000cas a22000007a 4500</leader><controlfield tag="001">13478026</controlfield><controlfield tag="008">860422d18781896pauwr ne      0    0eng d</controlfield><datafield ind1=" " ind2=" " tag="010"><subfield code="a">sn 86081614 </subfield></datafield><datafield ind1=" " ind2=" " tag="040"><subfield code="a">NPH</subfield><subfield code="b">eng</subfield><subfield code="c">NPH</subfield><subfield code="d">NPX</subfield><subfield code="d">NPH</subfield><subfield code="d">OCLCQ</subfield></datafield><datafield ind1=" " ind2=" " tag="042"><subfield code="a">msc</subfield></datafield><datafield ind1="0" ind2=" " tag="130"><subfield code="a">Item (Glen Rock, Pa.)</subfield></datafield><datafield ind1="1" ind2="4" tag="245"><subfield code="a">The item.</subfield></datafield><datafield ind1=" " ind2=" " tag="260"><subfield code="a">Glen Rock, Pa. :</subfield><subfield code="b">[s.n.],</subfield><subfield code="c">1878-1896.</subfield></datafield><datafield ind1=" " ind2=" " tag="300"><subfield code="a">18 v.</subfield></datafield><datafield ind1=" " ind2=" " tag="310"><subfield code="a">Weekly</subfield></datafield><datafield ind1="0" ind2=" " tag="362"><subfield code="a">Vol. 8, no. 29 (Jan. 4, 1878)-v. 26, no. 31 (Jan. 3, 1896).</subfield></datafield><datafield ind1=" " ind2=" " tag="752"><subfield code="a">United States</subfield><subfield code="b">Pennsylvania</subfield><subfield code="c">York</subfield><subfield code="d">Glen Rock.</subfield></datafield><datafield ind1="0" ind2="0" tag="780"><subfield code="t">Glen Rock item (Glen Rock, Pa. : 1870)</subfield><subfield code="w">(DLC)sn 83031725</subfield></datafield><datafield ind1="0" ind2="0" tag="785"><subfield code="t">Glen Rock item (Glen Rock, Pa. : 1896)</subfield><subfield code="w">(DLC)sn 86081613</subfield><subfield code="w">(OCoLC)13478107</subfield></datafield></record>